
% \cite{lindenmayer1968mathematical}
@article{lindenmayer1968mathematical,
  title={Mathematical models for cellular interaction in development, i. filaments with one-sidedinputs, ii. simple and branching filaments with two-sided inputs},
  author={Lindenmyer, A},
  journal={Journal of Theoretical Biology},
  volume={18},
  pages={280--315},
  year={1968}
}

% \cite{prusinkiewicz1996systems}
@inproceedings{prusinkiewicz1996systems,
  title={L-systems: from the theory to visual models of plants},
  author={Prusinkiewicz, Przemyslaw and Hammel, Mark and Hanan, Jim and Mech, Radomir},
  booktitle={Proceedings of the 2nd CSIRO Symposium on Computational Challenges in Life Sciences},
  volume={3},
  pages={1--32},
  year={1996},
  organization={Citeseer}
}

% \cite{prusinkiewicz2013lindenmayer}
@book{prusinkiewicz2013lindenmayer,
  title={Lindenmayer systems, fractals, and plants},
  author={Prusinkiewicz, Przemyslaw and Hanan, James},
  volume={79},
  year={2013},
  publisher={Springer Science \& Business Media}
}

% \cite{prusinkiewicz2013lindenmayer}
@book{rozenberg2012lindenmayer,
  title={Lindenmayer systems: impacts on theoretical computer science, computer graphics, and developmental biology},
  author={Rozenberg, Grzegorz and Salomaa, Arto},
  year={2012},
  publisher={Springer Science \& Business Media}
}

% \cite{weber1995creation}
@inproceedings{weber1995creation,
  title={Creation and rendering of realistic trees},
  author={Weber, Jason and Penn, Joseph},
  booktitle={Proceedings of the 22nd annual conference on Computer graphics and interactive techniques},
  pages={119--128},
  year={1995},
  organization={ACM}
}

% \cite{worth2005growing}
@inproceedings{worth2005growing,
  title={Growing music: musical interpretations of L-systems},
  author={Worth, Peter and Stepney, Susan},
  booktitle={Workshops on Applications of Evolutionary Computation},
  pages={545--550},
  year={2005},
  organization={Springer}
}

% \cite{mandelbrot1982fractal}
@book{mandelbrot1982fractal,
  title={The fractal geometry of nature},
  author={Mandelbrot, Benoit B},
  volume={2},
  year={1982},
  publisher={WH freeman New York}
}

% \cite{gregory2014game}
@book{gregory2014game,
  title={Game engine architecture},
  author={Gregory, Jason},
  year={2014},
  publisher={AK Peters/CRC Press}
}

% \cite{stewart2015multivariable}
@book{stewart2015multivariable,
  title={Multivariable calculus},
  author={Stewart, James},
  year={2015},
  publisher={Nelson Education}
}

% \cite{prusinkiewicz2012algorithmic}
@book{prusinkiewicz2012algorithmic,
  title={The algorithmic beauty of plants},
  author={Prusinkiewicz, Przemyslaw and Lindenmayer, Aristid},
  year={2012},
  publisher={Springer Science \& Business Media}
}

% \cite{prusinkiewicz1986graphical}
@inproceedings{prusinkiewicz1986graphical,
  title={Graphical applications of L-systems},
  author={Prusinkiewicz, Przemyslaw},
  booktitle={Proceedings of graphics interface},
  volume={86},
  pages={247--253},
  year={1986}
}


% Programming languages and tools
% \cite{stroustrup2000c++}
@book{stroustrup2000c++,
  title={The C++ programming language},
  author={Stroustrup, Bjarne},
  year={2000},
  publisher={Pearson Education India}
}

% \cite{horton2015stl}
@book{horton2015stl,
  title={Using the C++ Standard Template Libraries},
  author={Horton, Ivor},
  year={2015},
  publisher={Apress}
}

% \cite{ritchie1975c}
@book{ritchie1975c,
  title={The C programming language},
  author={Ritchie, Dennis M and Kernighan, Brian W and Lesk, Michael E},
  year={1975},
  publisher={Bell Laboratories}
}

% \cite{movania2017opengl}
@book{movania2017opengl,
	title={OpenGL â€“ Build high performance graphics},
	author={Movania, Muhammad Mobeen and Lo, William C. Y and Wolff, David and Lo, Raymond C. H},
	edition={1},
	publisher={Packt Publishing Ltd},
	year={2017}
}